<?xml version="1.0" encoding="UTF-8"?>
<record xmlns="http://www.loc.gov/MARC21/slim" xmlns:xsi="http://www.w3.org/2001/XMLSchema-instance" xsi:schemaLocation="http://www.loc.gov/MARC21/slim http://www.loc.gov/standards/marcxml/schema/MARC21slim.xsd">
<leader>     nam a2200193 a 4500</leader>
<controlfield tag="001">001679786</controlfield>
<controlfield tag="003">NNU</controlfield>
<controlfield tag="005">19930309073833.0</controlfield>
<controlfield tag="008">940621s1933    ua            000 0 ara d</controlfield>
<datafield tag="035" ind1="9" ind2=" ">
<subfield code="a">NYUb12223179</subfield>
</datafield>
<datafield tag="035" ind1=" " ind2=" ">
<subfield code="a">(CStRLIN)NJPG94-B35742</subfield>
</datafield>
<datafield tag="040" ind1=" " ind2=" ">
<subfield code="a">NjP</subfield>
<subfield code="c">NjP</subfield>
</datafield>
<datafield tag="100" ind1="0" ind2=" ">
<subfield code="a">Muḥammad Rashīd Riḍā.</subfield>
</datafield>
<datafield tag="245" ind1="1" ind2="3">
<subfield code="a">al-Manār wa-al-Azhar :</subfield>
<subfield code="b">kitāb yashtamilu ʻal ́muqaddimah fī māḍī al-Azhar wa-ḥāḍirihi wa-mustaqbalihi wa-maqālāt fī al-radd ʻalá majallat al-Azhar (Nūr al-Islām) fī ṭaʻnihāh ʻalá al-Manār wa-taʼyīdihā al-bidaʻ wa-al-khurāfāt wa-khātimah fī khulāṣat saʻī ṣāḥib al-Manār li-iṣlāḥ al-Azhar fī muddat 35 sanah /</subfield>
<subfield code="c">bi-qalam Muḥammad Rashīd Riḍā.</subfield>
</datafield>
<datafield tag="250" ind1=" " ind2=" ">
<subfield code="a">al-Ṭabʻah 1.</subfield>
</datafield>
<datafield tag="260" ind1=" " ind2=" ">
<subfield code="a">Miṣr :</subfield>
<subfield code="b">Maṭbaʻat al-Manār,</subfield>
<subfield code="c">1352 [1933 or 1934]</subfield>
</datafield>
<datafield tag="300" ind1=" " ind2=" ">
<subfield code="a">15, 296 p. ;</subfield>
<subfield code="c">24 cm.</subfield>
</datafield>
<datafield tag="OWN" ind1=" " ind2=" ">
<subfield code="a">GENERAL</subfield>
</datafield>
<datafield tag="950" ind1=" " ind2=" ">
<subfield code="l">BMAIN</subfield>
<subfield code="a">LG511.C45</subfield>
<subfield code="b">M8</subfield>
</datafield>
<datafield tag="955" ind1=" " ind2=" ">
<subfield code="l">BMAIN</subfield>
<subfield code="c">1</subfield>
<subfield code="r">002261264</subfield>
</datafield>
<datafield tag="998" ind1=" " ind2=" ">
<subfield code="s">9124</subfield>
</datafield>
<datafield tag="AVA" ind1=" " ind2=" ">
<subfield code="a">NYU50</subfield>
<subfield code="b">BOBST</subfield>
<subfield code="c">Main Collection</subfield>
<subfield code="d">LG511.C45 M8</subfield>
<subfield code="e">unavailable</subfield>
<subfield code="t">Unavailable</subfield>
<subfield code="f">1</subfield>
<subfield code="g">1</subfield>
<subfield code="h">N</subfield>
<subfield code="i">0</subfield>
<subfield code="j">MAIN</subfield>
<subfield code="k">0</subfield>
</datafield>
</record>
